% This file was created with JabRef 2.10b2.
% Encoding: UTF-8


@Article{Bucur2014,
  Title                    = {The impact of topology on energy consumption for collection tree protocols: An experimental assessment through evolutionary computation},
  Author                   = {Bucur, Doina and Iacca, Giovanni and Squillero, Giovanni and Tonda, Alberto},
  Journal                  = {Applied Soft Computing},
  Year                     = {2014},
  Pages                    = {210--222},
  Volume                   = {16},

  Publisher                = {Elsevier}
}

@InProceedings{Corno2003,
  Title                    = {Fully automatic test program generation for microprocessor cores},
  Author                   = {Corno, Fulvio and Cumani, Gianluca and Reorda, M Sonza and Squillero, Giovanni},
  Booktitle                = {Design, Automation and Test in Europe Conference and Exhibition, 2003},
  Year                     = {2003},
  Organization             = {IEEE},
  Pages                    = {1006--1011}
}

@Article{Corno2005,
  Title                    = {Evolving assembly programs: how games help microprocessor validation},
  Author                   = {Corno, Fulvio and S{\'a}nchez, Ernesto and Squillero, Giovanni},
  Journal                  = {Evolutionary Computation, IEEE Transactions on},
  Year                     = {2005},
  Number                   = {6},
  Pages                    = {695--706},
  Volume                   = {9},

  Publisher                = {IEEE}
}

@InProceedings{Garcia2015,
  Title                    = {{Towards Automatic StarCraft Strategy Generation Using Genetic Programming}},
  Author                   = {Garcia Sanchez, Pablo and Tonda, Alberto and Mora, Antonio and Squillero, Giovanni, and Merelo Guervos, Juan Julian},
  Booktitle                = {Proceedings of the 2015 Congress on Evolutionary Computation (CEC)},
  Year                     = {2015 (to appear)},

  Owner                    = {alberto},
  Timestamp                = {2015.06.29}
}

@Article{Squillero2005,
  Title                    = {{MicroGP - an evolutionary assembly program generator}},
  Author                   = {Squillero, Giovanni},
  Journal                  = {Genetic Programming and Evolvable Machines},
  Year                     = {2005},
  Number                   = {3},
  Pages                    = {247--263},
  Volume                   = {6},

  Publisher                = {Springer}
}

